<?xml version="1.0" encoding="UTF-8"?><collection xmlns="http://www.loc.gov/MARC21/slim"><record><leader>00478nam--2200181-u-4500</leader><controlfield tag="001">000053509</controlfield><controlfield tag="002">20161230</controlfield><controlfield tag="005">20161230201051</controlfield><controlfield tag="008">110408s1000------------r-----000-0-eng-d</controlfield><datafield ind1=" " ind2=" " tag="020"><subfield code="a">3782911261</subfield></datafield><datafield ind1=" " ind2=" " tag="040"><subfield code="a">IFIN-HH</subfield></datafield><datafield ind1=" " ind2=" " tag="080"><subfield code="a">55(437)</subfield></datafield><datafield ind1="1" ind2=" " tag="100"><subfield code="a">Chlupac, Ivo</subfield></datafield><datafield ind1="1" ind2="0" tag="245"><subfield code="a">Geology of the barrandian</subfield><subfield code="b">A field trip guide</subfield><subfield code="c">Ivo chlupac</subfield></datafield><datafield ind1=" " ind2=" " tag="260"><subfield code="a">Frakfurrt Am Main</subfield><subfield code="b">Verlag Waldemar Kramer</subfield><subfield code="c">1993</subfield></datafield><datafield ind1=" " ind2=" " tag="300"><subfield code="a">163P</subfield></datafield><datafield ind1=" " ind2=" " tag="852"><subfield code="a">81023</subfield><subfield code="c">551</subfield></datafield><datafield ind1=" " ind2=" " tag="CAT"><subfield code="a">Sys</subfield><subfield code="c">20110408</subfield><subfield code="h">130257</subfield></datafield></record></collection>